@inproceedings{suchanek2007yago,
	title={Yago: a core of semantic knowledge},
	author={Suchanek, Fabian M and Kasneci, Gjergji and Weikum, Gerhard},
	booktitle={Proceedings of the 16th international conference on World Wide Web},
	pages={697--706},
	year={2007},
	address = {Banff, Alberta, Canada},
}

@inproceedings{mahdisoltani2013yago3,
	title={Yago3: A knowledge base from multilingual wikipedias},
	author={Mahdisoltani, Farzaneh and Biega, Joanna and Suchanek, Fabian M},
	booktitle={Conference on Innovative Data Systems Research 2013},
	year={2013},
	address = {Asilomar, CA, USA},
}

@inproceedings{Li2016JointEO,
	title={Joint Embedding of Hierarchical Categories and Entities for Concept Categorization and Dataless Classification},
	author={Yuezhang Li and Ronghuo Zheng and Tian Tian and Zhiting Hu and Rahul Iyer and Katia P. Sycara},
	booktitle={the 26th International Conference on Computational Linguistics},
	year={2016},
	address = {Osaka, Japan}
}

@article{grefenstette2015inriasac,
	title={INRIASAC: Simple hypernym extraction methods},
	author={Grefenstette, Gregory},
	journal={arXiv preprint arXiv:1502.01271},
	year={2015}
}

@inproceedings{pocostales2016nuig,
	title={Nuig-unlp at semeval-2016 task 13: A simple word embedding-based approach for taxonomy extraction},
	author={Pocostales, Joel},
	booktitle={Proceedings of the 10th International Workshop on Semantic Evaluation (SemEval-2016)},
	pages={1298--1302},
	address = {San Diego, CA, USA},
	year={2016},
}

@inproceedings{levy2015supervised,
	title={Do supervised distributional methods really learn lexical inference relations?},
	author={Levy, Omer and Remus, Steffen and Biemann, Chris and Dagan, Ido},
	booktitle={Proceedings of the 2015 Conference of the North American Chapter of the Association for Computational Linguistics: Human Language Technologies},
	pages={970--976},
	year={2015},
	address = {Denver, CO, USA}
}

@article{velardi2013ontolearn,
	title={Ontolearn reloaded: A graph-based algorithm for taxonomy induction},
	author={Velardi, Paola and Faralli, Stefano and Navigli, Roberto},
	journal={Computational Linguistics},
	volume={39},
	number={3},
	pages={665--707},
	year={2013},
	publisher={MIT Press}
}

@inproceedings{alfarone2015unsupervised,
	title={Unsupervised learning of an is-a taxonomy from a limited domain-specific corpus},
	author={Alfarone, Daniele and Davis, Jesse},
	booktitle={Proceedings of the 24th International Joint Conference on Artificial Intelligence},
	pages={1434--1441},
	year={2015},
	address = {Buenos Aires, Argentina},
}


@inproceedings{Yang2017technical,
	title={Efficiently answering technical questions - A knowledge graph approach.},
	author={Shuo Yang and Lei Zou and Zhongyuan Wang and Jun Yan and Ji-Rong Wen},
	booktitle={Proceedings of the Thirty-First AAAI Conference on Artificial Intelligence},
	pages={31111--3118},
	year={2017},
	address = {San Francisco, CA, USA}
}


@inproceedings{zhang2014taxonomy,
	title={Taxonomy discovery for personalized recommendation},
	author={Zhang, Yuchen and Ahmed, Amr and Josifovski, Vanja and Smola, Alexander},
	booktitle={Proceedings of the 7th ACM international conference on Web search and data mining},
	pages={243--252},
	year={2014},
	address = {New York City, NY, USA}

}

@article{DBLP:journals/computer/Brachman83,
	author    = {Ronald J. Brachman},
	title     = {What {IS-A} Is and Isn't: An Analysis of Taxonomic Links in SemanticNetworks},
	journal   = {{IEEE} Computer},
	volume    = {16},
	number    = {10},
	pages     = {30--36},
	year      = {1983},
}

@inproceedings{wang2017short,
  title={A Short Survey on Taxonomy Learning from Text Corpora: Issues, Resources and Recent Advances},
  author={Wang, Chengyu and He, Xiaofeng and Zhou, Aoying},
  booktitle={Proceedings of the 2017 Conference on Empirical Methods in Natural Language Processing},
  pages={1190--1203},
  year={2017},
  address = {Copenagen, Denmark}
}

@inproceedings{zafar2016using,
  title={Using distributional semantics for automatic taxonomy induction},
  author={Zafar, Bushra and Cochez, Michael and Qamar, Usman},
  booktitle={Frontiers of Information Technology (FIT), 2016 International Conference on},
  pages={348--353},
  year={2016},
  address = {Islamabad, Pakistan},
}

@article{tarjan1972depth,
  title={Depth-first search and linear graph algorithms},
  author={Tarjan, Robert},
  journal={SIAM journal on computing},
  volume={1},
  number={2},
  pages={146--160},
  year={1972},
  publisher={SIAM}
}

@InProceedings{mikolov2013distributed,
  author    = {Mikolov, Tomas and Sutskever, Ilya and Chen, Kai and Corrado, Greg S and Dean, Jeff},
  title     = {Distributed representations of words and phrases and their compositionality},
  booktitle = {Advances in neural information processing systems},
  year      = {2013},
  pages     = {3111--3119},
  address	= {Stateline, NV, USA}
}

@INPROCEEDINGS{Seitner2016ALD,
  title={A Large DataBase of Hypernymy Relations Extracted from the Web},
  author = {Julian Seitner and Christian Bizer and Kai Eckert and Stefano Faralli and Robert Meusel und Heiko Paulheim and Simone Ponzetto},
  booktitle = {Proceedings of the 10th edition of the Language Resources and Evaluation Conference},
  address = {Portoro\v{z}, Slovenia},
  year={2016},
}

@ARTICLE{kluegl2016uima,
  title={UIMA Ruta: Rapid development of rule-based information extraction applications},
  author={Kluegl, Peter and Toepfer, Martin and Beck, Philip-Daniel and Fette, Georg and Puppe, Frank},
  journal={Natural Language Engineering},
  volume={22},
  number={1},
  pages={1--40},
  year={2016},
}

@MISC{f&m,
	author = {Silke Wagner and Dorothea Wagner},
	title = {Comparing clusterings an overview},
	note = {arXiv:1609.04747},
	year = {2007},
	address = {Faculty of Informatics, Universität Karlsruhe(TH), Deutschland},
	notes = {Technical Report 2006-04}
}

@INPROCEEDINGS{goldhahn,
author = {Dirk Goldhahn and Thomas Eckart and Uwe Quasthoff},
title = {Building Large Monolingual Dictionaries at the Leipzig Corpora Collection: From 100 to 200 Languages.},
year = {2012},
booktitle = {Proceedings of the Eight International Conference on Language Resources and Evaluation (LREC’12)},
pages = {759--765},
address = {Istanbul, Turkey},
}


@INPROCEEDINGS{parker,
author = {Robert Parker and David Graff and Junbo Kong and Ke Chen and Kazuaki Maeda},
title = {English gigaword forth edition},
year = {2009},
booktitle = {Linguistic Data Consortium},
address = {Philadelphia, PA, USA},
}

@INPROCEEDINGS{Ferraresi,
author = {Adriano Ferraresi and Eros Zanchetta and Marco Baroni and Silvia Bernardini},
title = {Introducing and evaluating ukWaC, a very large web-derived corpus of English},
year = {2008},
booktitle =  {Proceedings of the 4th Web as Corpus Workshop (WAC-4) Can we beat Google},
address = {Marakech, Morocco},
pages = {47--54}
}


@INPROCEEDINGS{konvens:23_panchenko12p,
  author = {Alexander Panchenko and Olga Morozova and Hubert Naets},
  title = {A semantic similarity measure based on lexico-syntactic patterns},
  booktitle = {Proceedings of KONVENS 2012},
  pages = {174--178},
  year = {2012},
  month = {September},
  address = {Vienna, Austria},
}

@inproceedings{remus2016domain,
  title={Domain-Specific Corpus Expansion with Focused Webcrawling.},
  author={Remus, Steffen and Biemann, Chris},
  booktitle={Proceedings of the 10th International Conference on Language Resources and Evaluation (LREC)},
  year ={2016},
  address= {Portoro\v{z}, Slovenia}
}

@inproceedings{Hearst:1992:AAH:992133.992154,
 author = {Hearst, Marti A.},
 title = {Automatic Acquisition of Hyponyms from Large Text Corpora},
 booktitle = {Proceedings of the 14th Conference on Computational Linguistics},
 year = {1992},
 pages = {539--545},
 numpages = {7},
 address = {Nantes, France},
} 

@InProceedings{NIPS2017_7213,
  author    = {Nickel, Maximillian and Kiela, Douwe},
  title     = {Poincar\'{e} Embeddings for Learning Hierarchical Representations},
  booktitle = {Advances in Neural Information Processing Systems 30},
  address	= {Long Beach, CA, USA},
  year      = {2017},
  pages     = {6338--6347},
}

@InProceedings{fu2014learning,
  author    = {Fu, Ruiji and Guo, Jiang and Qin, Bing and Che, Wanxiang and Wang, Haifeng and Liu, Ting},
  title     = {Learning semantic hierarchies via word embeddings},
  booktitle = {Proceedings of the 52nd Annual Meeting of the Association for Computational Linguistics},
  year      = {2014},
  volume    = {1},
  address 	= {Baltimore, MD, USA},
  pages     = {1199--1209},
}

@InProceedings{panchenko2016taxi,
  author    = {Panchenko, Alexander and Faralli, Stefano and Ruppert, Eugen and Remus, Steffen and Naets, Hubert and Fairon, C{\'e}drick and Ponzetto, Simone Paolo and Biemann, Chris},
  title     = {TAXI at SemEval-2016 Task 13: a taxonomy induction method based on lexico-syntactic patterns, substrings and focused crawling},
  booktitle = {Proceedings of the 10th International Workshop on Semantic Evaluation (SemEval-2016)},
  year      = {2016},
  address = {San Diego, CA, USA},
  pages     = {1320--1327},
}

@InProceedings{bordea2016semeval,
  author    = {Bordea, Georgeta and Lefever, Els and Buitelaar, Paul},
  title     = {Semeval-2016 task 13: Taxonomy extraction evaluation (texeval-2)},
  booktitle = {Proceedings of the 10th International Workshop on Semantic Evaluation (SemEval-2016)},
  address	= {San Diego, CA, USA},
  year      = {2016},
  pages     = {1081--1091},
}

@InProceedings{task17semeval2015,
  author = {Bordea, Georgeta and Buitelaar, Paul and Faralli, Stefano and Navigli, Roberto},
  title = {Semeval-2015 task 17: Taxonomy Extraction Evaluation (TExEval)},
  booktitle = {Proceedings of the 9th International Workshop on Semantic Evaluation (SemEval 2015)},
  year = {2015},
  pages = {902--910},
  address = {Denver, CO, USA},
  organization = {Association for Computational Linguistics}
}

@InProceedings{shwartz2016improving,
	author = 	{Shwartz, Vered and Goldberg, Yoav and Dagan, Ido},
	title = 	{Improving Hypernymy Detection with an Integrated Path-based and Distributional Method},
	booktitle = {Proceedings of the 54th Annual Meeting of the Association for      Computational Linguistics},
	year = 	{2016},
	pages = 	{2389--2398},
	address = 	{Berlin, Germany},
}
@InProceedings{biemann2006chinese,
  author       = {Biemann, Chris},
  title        = {Chinese whispers: an efficient graph clustering algorithm and its application to natural language processing problems},
  booktitle    = {Proceedings of the first workshop on graph based methods for natural language processing},
  address	   = {New York City, NY, USA},
  year         = {2006},
  pages        = {73--80},
}

@inproceedings{Sun:2017:BCN:3091478.3091495,
 author = {Sun, Jiankai and Ajwani, Deepak and Nicholson, Patrick K. and Sala, Alessandra and Parthasarathy, Srinivasan},
 title = {Breaking Cycles In Noisy Hierarchies},
 booktitle = {Proceedings of the 2017 ACM on Web Science Conference},
 series = {WebSci '17},
 year = {2017},
 address = {Troy, New York, USA},
 pages = {151--160},
 numpages = {10},
}

@inproceedings{Zhang:2018:TUT:3219819.3220064,
 author = {Zhang, Chao and Tao, Fangbo and Chen, Xiusi and Shen, Jiaming and Jiang, Meng and Sadler, Brian and Vanni, Michelle and Han, Jiawei},
 title = {TaxoGen: Unsupervised Topic Taxonomy Construction by Adaptive Term Embedding and Clustering},
 booktitle = {Proceedings of the 24th ACM SIGKDD International Conference on Knowledge Discovery \&\#38; Data Mining},
 year = {2018},
 address = {London, United Kingdom},
 pages = {2701--2709},
 numpages = {9},
}

@InProceedings{S16-1205,
  author = {Cleuziou, Guillaume and Moreno, Jose G.},
  title = {QASSIT at SemEval-2016 Task 13: On the integration of Semantic Vectors in Pretopological Spaces for Lexical Taxonomy Acquisition},
  booktitle = {Proceedings of the 10th International Workshop on Semantic Evaluation (SemEval-2016)},
  year = {2016},
  pages = {1315--1319},
  address = {San Diego, CA, USA},
}


