% Encoding: UTF-8
@inproceedings{Hearst:1992:AAH:992133.992154,
 author = {Hearst, Marti A.},
 title = {Automatic Acquisition of Hyponyms from Large Text Corpora},
 booktitle = {Proceedings of the 14th Conference on Computational Linguistics - Volume 2},
 series = {COLING '92},
 year = {1992},
 location = {Nantes, France},
 pages = {539--545},
 numpages = {7},
 url = {https://doi.org/10.3115/992133.992154},
 doi = {10.3115/992133.992154},
 acmid = {992154},
 publisher = {Association for Computational Linguistics},
 address = {Stroudsburg, PA, USA},
} 

@InCollection{NIPS2017_7213,
  author    = {Nickel, Maximillian and Kiela, Douwe},
  title     = {Poincar\'{e} Embeddings for Learning Hierarchical Representations},
  booktitle = {Advances in Neural Information Processing Systems 30},
  publisher = {Curran Associates, Inc.},
  year      = {2017},
  editor    = {I. Guyon and U. V. Luxburg and S. Bengio and H. Wallach and R. Fergus and S. Vishwanathan and R. Garnett},
  pages     = {6338--6347},
  url       = {http://papers.nips.cc/paper/7213-poincare-embeddings-for-learning-hierarchical-representations.pdf},
}

@InProceedings{fu2014learning,
  author    = {Fu, Ruiji and Guo, Jiang and Qin, Bing and Che, Wanxiang and Wang, Haifeng and Liu, Ting},
  title     = {Learning semantic hierarchies via word embeddings},
  booktitle = {Proceedings of the 52nd Annual Meeting of the Association for Computational Linguistics (Volume 1: Long Papers)},
  year      = {2014},
  volume    = {1},
  pages     = {1199--1209},
}

@InProceedings{panchenko2016taxi,
  author    = {Panchenko, Alexander and Faralli, Stefano and Ruppert, Eugen and Remus, Steffen and Naets, Hubert and Fairon, C{\'e}drick and Ponzetto, Simone Paolo and Biemann, Chris},
  title     = {TAXI at SemEval-2016 Task 13: a taxonomy induction method based on lexico-syntactic patterns, substrings and focused crawling},
  booktitle = {Proceedings of the 10th International Workshop on Semantic Evaluation (SemEval-2016)},
  year      = {2016},
  pages     = {1320--1327},
}

@InProceedings{bordea2016semeval,
  author    = {Bordea, Georgeta and Lefever, Els and Buitelaar, Paul},
  title     = {Semeval-2016 task 13: Taxonomy extraction evaluation (texeval-2)},
  booktitle = {Proceedings of the 10th International Workshop on Semantic Evaluation (SemEval-2016)},
  year      = {2016},
  pages     = {1081--1091},
}

@Article{shwartz2016improving,
  author  = {Shwartz, Vered and Goldberg, Yoav and Dagan, Ido},
  title   = {Improving hypernymy detection with an integrated path-based and distributional method},
  journal = {arXiv preprint arXiv:1603.06076},
  year    = {2016},
}

@InProceedings{biemann2006chinese,
  author       = {Biemann, Chris},
  title        = {Chinese whispers: an efficient graph clustering algorithm and its application to natural language processing problems},
  booktitle    = {Proceedings of the first workshop on graph based methods for natural language processing},
  year         = {2006},
  pages        = {73--80},
  organization = {Association for Computational Linguistics},
}

@Comment{jabref-meta: databaseType:bibtex;}

@book{Aho:72,
    author  = {Alfred V. Aho and Jeffrey D. Ullman},
    title   = {The Theory of Parsing, Translation and Compiling},
    year    = "1972",
    volume  = "1",
    publisher = {Prentice-Hall},
    address = {Englewood Cliffs, NJ}
}

@book{APA:83,
    author  = {{American Psychological Association}},
    title   = {Publications Manual},
    year    = "1983",
   publisher = {American Psychological Association},
   address = {Washington, DC}
}

@article{ACM:83,
	author = {Association for Computing Machinery},
	year = "1983",
	journal = {Computing Reviews},
	volume = "24",
	number = "11",
	pages = "503--512"
}

@article{Chandra:81,
	author = {Ashok K. Chandra and Dexter C. Kozen and Larry J. Stockmeyer},
	year = "1981",
	title = {Alternation},
	journal = {Journal of the Association for Computing Machinery},
	volume = "28",
	number = "1",
	pages = "114--133",
	doi = "10.1145/322234.322243",
}

@inproceedings{andrew2007scalable,
  title={Scalable training of {L1}-regularized log-linear models},
  author={Andrew, Galen and Gao, Jianfeng},
  booktitle={Proceedings of the 24th International Conference on Machine Learning},
  pages={33--40},
  year={2007},
}

@book{Gusfield:97,
    author  = {Dan Gusfield},
    title   = {Algorithms on Strings, Trees and Sequences},
    year    = "1997",
    publisher = {Cambridge University Press},
    address = {Cambridge, UK}
}

@inproceedings{borsch2011,
	Address = {Canberra, Australia},
	Author = {Benjamin Borschinger and Mark Johnson},
	Booktitle = {Proceedings of the Australasian Language Technology Association Workshop 2011},
	Month = {December},
	Pages = {10--18},
	Title = {A Particle Filter algorithm for {B}ayesian Wordsegmentation},
	Year = {2011}}

@article{rasooli-tetrault-2015,
    author    = {Mohammad Sadegh Rasooli and Joel R. Tetreault},
    title     = {Yara Parser: {A} Fast and Accurate Dependency Parser},
    journal   = {Computing Research Repository},
    volume    = {arXiv:1503.06733},
    year      = {2015},
    url       = {http://arxiv.org/abs/1503.06733},
    note    = {version 2}
}

@article{Ando2005,
	Acmid = {1194905},
	Author = {Ando, Rie Kubota and Zhang, Tong},
	Issn = {1532-4435},
	Issue_Date = {12/1/2005},
	Journal = {Journal of Machine Learning Research},
	Month = dec,
	Numpages = {37},
	Pages = {1817--1853},
	Publisher = {JMLR.org},
	Title = {A Framework for Learning Predictive Structures from Multiple Tasks and Unlabeled Data},
	Volume = {6},
	Year = {2005}}

@InProceedings{P16-1001,
  author =	"Goodman, James
  	 and Vlachos, Andreas
	     and Naradowsky, Jason",
  title =    "Noise reduction and targeted exploration in imitation learning for      Abstract Meaning Representation parsing    ",
  booktitle = 	    "Proceedings of the 54th Annual Meeting of the Association for      Computational Linguistics (Volume 1: Long Papers)    ",
  year =    "2016",
  publisher =	"Association for Computational Linguistics",
  pages =   "1--11",
  location =	"Berlin, Germany",
  doi =    "10.18653/v1/P16-1001",
  url =    "http://aclweb.org/anthology/P16-1001"
}

@InProceedings{C14-1001,
  author =	"Harper, Mary",
  title = 	"Learning from 26 Languages: Program Management and Science in the Babel Program",
  booktitle = 	"Proceedings of COLING 2014, the 25th International Conference on Computational Linguistics: Technical Papers",
  year =    "2014",
  publisher =	"Dublin City University and Association for Computational Linguistics",
  pages =   "1",
  location =	"Dublin, Ireland",
  url =    "http://aclweb.org/anthology/C14-1001"
}

